@article{andersen2000crustal,
title={Crustal contaminants in the Permian Oslo Rift, South Norway: constraints from Precambrian geochemistry},
author={Andersen, Tom and Knudsen, Trine-Lise},
journal={Lithos},
volume={53},
number={3-4},
pages={247--264},
year={2000},
publisher={Elsevier}
}