@misc{rodgers,
	title="Роджерс Д. Алгоритмические основы машинной графики. — М.: Мир, 1989. — 512 с.",
}

@misc{alg,
	title="Гамбетта Г. Компьютерная графика. Рейтрейсинг и растеризация. — СПб.: Питер, 2022. — 224 с.",
}


@misc{light,
	title="Простые модели освещения.",
	howpublished="Режим доступа: \url{http://grafika.me/node/344} (дата обращения:  27.12.2022)"
}


@misc{data,
	title="Методы представления дискретных данных [Электронный ресурс].",
	howpublished="Режим доступа: \url{https://www.graphicon.ru/oldgr/ru/library/multires_rep/index.html} (дата обращения:  21.09.22)"
}


@misc{intel,
	title="Процессор Intel® Core™ i5-7300HQ [Электронный ресурс]",
	howpublished="Режим доступа: \url{https://ark.intel.com/content/www/ru/ru/ark/products/97456/intel-core-i5-7300hq-processor-6m-cache-up-to-3-50-ghz.html} (дата обращения: 23.10.2022)"
}

@misc{porev,
	title="Поре в В. Н.
	Компьютерная графика. — СПб.: БХВ-Петербург, 2002. -- 432 с. : ил"
}
